<record><leader>00000cas a2200000 a 4500</leader><controlfield tag="001">9191210</controlfield><controlfield tag="008">830204c19339999aluwr ne      0   a0eng d</controlfield><controlfield tag="009">3212</controlfield><datafield ind1=" " ind2=" " tag="010"><subfield code="a">sn 88050093 </subfield></datafield><datafield ind1=" " ind2=" " tag="040"><subfield code="a">ANO</subfield><subfield code="b">eng</subfield><subfield code="c">ANO</subfield><subfield code="d">CPN</subfield><subfield code="d">OCL</subfield></datafield><datafield ind1=" " ind2=" " tag="042"><subfield code="a">msc</subfield></datafield><datafield ind1="0" ind2="4" tag="245"><subfield code="a">The Hartselle enquirer.</subfield></datafield><datafield ind1="0" ind2="7" tag="246"><subfield code="a">Enquirer</subfield></datafield><datafield ind1=" " ind2=" " tag="260"><subfield code="a">Hartselle, Ala. :</subfield><subfield code="b">William A. Ridgeway &amp; Doyle M. Yates,</subfield><subfield code="c">1933-</subfield></datafield><datafield ind1=" " ind2=" " tag="300"><subfield code="a">v.</subfield></datafield><datafield ind1=" " ind2=" " tag="310"><subfield code="a">Weekly.</subfield></datafield><datafield ind1="0" ind2=" " tag="362"><subfield code="a">Vol. 1, no. 1 (May 25, 1933)-</subfield></datafield><datafield ind1=" " ind2=" " tag="752"><subfield code="a">United States</subfield><subfield code="b">Alabama</subfield><subfield code="c">Morgan</subfield><subfield code="d">Hartselle.</subfield></datafield></record>